% Encoding: UTF-8

@MISC{Lav00,
    author = {Steven M. LaValle and James J. Kuffner and Jr.},
    title = {Rapidly-Exploring Random Trees: Progress and Prospects},
    year = {2000}
}

@article{Bentley75,
 author = {Bentley, Jon Louis},
 title = {Multidimensional Binary Search Trees Used for Associative Searching},
 journal = {Commun. ACM},
 issue_date = {Sept. 1975},
 volume = {18},
 number = {9},
 month = sep,
 year = {1975},
 issn = {0001-0782},
 pages = {509--517},
 numpages = {9},
 url = {http://doi.acm.org/10.1145/361002.361007},
 doi = {10.1145/361002.361007},
 acmid = {361007},
 publisher = {ACM},
 address = {New York, NY, USA},
 keywords = {associative retrieval, attribute, binary search trees, binary tree insertion, information retrieval system, intersection queries, key, nearest neighbor queries, partial match queries},
} 

@journal{Dubin61,
 author    = {Lester Eli Dubin},
  title     = {{ON PLANE CURVES WITH CURVATURE}},
  year      = {1961},
  journal    = {Pacific Journal of Mathematics},
  volume = {11},
  issue = {2},
  publisher = {Pacific Journal of Mathematics},
  url       = {https://msp.org/pjm/1961/11-2/pjm-v11-n2-p07-p.pdf},
}

@BachelorThesis{Goedicke18,
	author = {Lukas Gödicke},
	title = {RRT based Path Planning in Static and Dynamic Environment for Model Cars},
	year = {2018},
	type = {Bachelorarbeit},
	month= {March},
	school={Freie Universität Berlin}

}

@conference{RahMahBob,
	author="Rahman, Md Mahbubur, Leonardo Bobadilla, and Brian Rapp",
	title="Sampling-based planning algorithms for multi-objective missions",
	conference="IEEE International Conference on Automation Science and Engineering (CASE)",
	year="2016"
}

@journal{BaLa91,
 author    = {Jerome Barraquand, Jean-Claude Latombe},
  title     = {{Robot Motion Planning: A Distributed Representation Approach}},
  year      = {1991},
  date      = {1991-12-1},
  journal    = {SAGE Journals},
  volume = {10},
  issue = {6},
  booktitle = {The International Journal of Robotics Research)},
  publisher = {SAGE},
  pages     = {628-649},
  url       = {https://doi.org/10.1177/027836499101000604},
}
@InProceedings{AmWu96,
 author    = {Nancy M. Amato and Yan Wu},
  title     = {{A randomized Roadmap Method for Path and Manipulation Planning}},
  year      = {1996},
  date      = {1996-04-22},
  series    = {ICRA},
  booktitle = {Proc. IEEE Int. Conf. Robotics and Automation (ICRA)},
  publisher = {IEEE},
  isbn      = {0-7803-2988-0},
  pages     = {113-120},
  url       = {https://parasol.tamu.edu/groups/amatogroup/publications/icra96.pdf},
}

@Electronic{fubAuto,
  author       = {Arbeitsgruppe Robotics FU Berlin},
  title        = {{Hardware (AutoNOMOS Model v3)}},
  url          = {https://github.com/AutoModelCar/AutoModelCarWiki/wiki/Hardware-(AutoNOMOS-Model-v3)},
  organization = {Freie Universität Berlin},
  howpublished = {\url{https://github.com/AutoModelCar/AutoModelCarWiki/wiki/Hardware-(AutoNOMOS-Model-v3)}},
}
@Electronic{ROS,
  author       = {Open Source Robotics Foundation},
  title        = {{Robot Operating System}},
  url          = {http://wiki.ros.org/},
  organization = {Freie Universität Berlin},
  howpublished = {\url{http://wiki.ros.org/}},
}

@article{Lav98,
	author = "Steven M. LaValle",
	institution = "TR 98-11, Computer Science Dept. Iowa State Univ.",
	title = "Rapidly-Exploring Random Trees: A New Tool for Path Planning",
	year = "1998"}

@conference{KaFra10,
	author = "S.Karaman and E.Frazzoli",
	title= "Incremental Sampling-based Algorithms for Optimal Motion Planning",
	booktitle ="Robotics: Science and Systems",
	conference= "Robotics: Science and Systems",
	location= "Zaragoza, Spain",
	year = "2010"}
	
@conference{IsMaNa12,
	author = "F.Islam and J.Nasir and U.Malik and Y.Ayaz and O.Hasan",
	title= "RRT*-Smart: Rapid convergence implementation of RRT* towards optimal solution",
	booktitle ="Mechatronics and Automation (ICMA)",
	conference ="Mechatronics and Automation(ICMA)",
	year = "2012"}
	
@article{NoKhaHa16,
	author ="I.Noreen and A.Khan and Z.Habib",
	title = "Optimal Path Planning using RRT* based Approaches: A Survey and Future Directions",
	journal="International Journal of Advanced Computer Science and Applications (IJACSA)",
	volume = "7",
	number = "11",
	year ="2016"}

@conference{RoeHoBe,
	author= "C.Rösmann and F.Hoffmann and T.Bertram",
	title= "Timed-Elastic-Bands for Time-Optimal Point-to-Point Nonlinear Model Predictive Control",
	booktitle="European Control Conference (ECC)",
	conference="European Control Conference (ECC)",
	location = "Linz, Austria",
	year = "2015"
	}	
	@Misc{FowlerM04b,
  author       = {Fowler, Martin},
  title        = {{Inversion of Control Containers and the Dependency Injection pattern}},
  year         = {2004},
  howpublished = {\url{http://www.martinfowler.com/articles/injection.html}},
  month        = jan,
  url          = {http://www.martinfowler.com/articles/injection.html},
}
	
@MastersThesis{DPPV,
  author       = {Marc Rintsch},
  title        = {{Agile Weiterentwicklung eines Software-Werkzeuges zur verteilten Paarprogrammierung}},
  year         = {2009},
  type         = {Studienarbeit},
  month        = jun,
  url          = {http://www.mi.fu-berlin.de/wiki/pub/Main/MarcRintsch/studienarbeit.pdf},
   school = {Freie Universität Berlin},
  howpublished = {\url{http://www.mi.fu-berlin.de/wiki/pub/Main/MarcRintsch/studienarbeit.pdf}},
    url    = {http://www.inf.fu-berlin.de/inst/ag-se/theses/Gustavs_Saros_DPPII.pdf},
}
@InProceedings{Bernd96,
  author    = {Riad Djemili and Christopher Oezbek and Stephan Salinger},
  title     = {{Saros: Eine Eclipse-Erweiterung zur verteilten Paarprogrammierung.}},
  booktitle = {Software Engineering (Workshops)},
  year      = {2007},
  date      = {2007-09-20},
  editor    = {Wolf-Gideon Bleek and Henning Schwentner and Heinz Züllighoven},
  volume    = {106},
  series    = {LNI},
  publisher = {GI},
  isbn      = {978-3-88579-200-0},
  pages     = {317-320},
  url       = {http://www.inf.fu-berlin.de/inst/ag-se/pubs/saros-2007.pdf},
}



@Book{GOF95,
  author    = {Gamma, Erich and Helm, Richard and Johnson, Ralph and Vlissides, John},
  title     = {Design patterns: elements of reusable object-oriented software},
  year      = {1995},
  publisher = {Addison-Wesley Professional},
}


@Comment{jabref-meta: databaseType:biblatex;}
