% Encoding: UTF-8

@article{Lav98,
	author = "Steven M. LaValle",
	institution = "TR 98-11, Computer Science Dept. Iowa State Univ.",
	title = "Rapidly-Exploring Random Trees: A New Tool for Path Planning",
	year = "1998"}

@conference{KaFra10,
	author = "S.Karaman and E.Frazzoli",
	title= "Incremental Sampling-based Algorithms for Optimal Motion Planning",
	booktitle ="Robotics: Science and Systems",
	conference= "Robotics: Science and Systems",
	location= "Zaragoza, Spain",
	year = "2010"}
	
@conference{IsMaNa12,
	author = "F.Islam and J.Nasir and U.Malik and Y.Ayaz and O.Hasan",
	title= "RRT*-Smart: Rapid convergence implementation of RRT* towards optimal solution",
	booktitle ="Mechatronics and Automation (ICMA)",
	conference ="Mechatronics and Automation(ICMA)",
	year = "2012"}
	
@article{NoKhaHa16,
	author ="I.Noreen and A.Khan and Z.Habib",
	title = "Optimal Path Planning using RRT* based Approaches: A Survey and Future Directions",
	journal="International Journal of Advanced Computer Science and Applications (IJACSA)",
	volume = "7",
	number = "11",
	year ="2016"}

@conference{RöHoBe,
	author= "C.Rösmann and F.Hoffmann and T.Bertram",
	title= "Timed-Elastic-Bands for Time-Optimal Point-to-Point Nonlinear Model Predictive Control",
	booktitle="European Control Conference (ECC)",
	conference="European Control Conference (ECC)",
	location = "Linz, Austria",
	year = "2015"
	}	
	

