%Encoding UTF-8

@conference{RahMahBob,
	author="Rahman, Md Mahbubur, Leonardo Bobadilla, and Brian Rapp",
	title="Sampling-based planning algorithms for multi-objective missions",
	conference="IEEE International Conference",
	year="2016",
	conferencetype="Automation Science and Engineering (CASE)"
}



@online{ThesisRules,
author = {Kent Beck and Alistair Cockburn and Martin Fowler and Andrew Hunt},
title = {Manifesto for Agile Software Development},
year = {2001},
url = {http://www.inf.fu-berlin.de/w/SE/ThesisRules}
}


Erläuterungen:
	Literaturtypen:
		MISC - keine Ahnung
		article - Artikel aus einer Zeitschrift
		book - Buch
		conference, proceedings, inproceedings - Protokoll oder Artikel aus einer Konferenz oder Tagung
		inbook - Buchauszug, z. B. Kapitel
		incollection - Buch aus einem Sammelwerk oder einer Reihe
		manual - Bedienungsanleitung, technische Anleitung
		masterthesis - Diplomarbeit
		phdthesis - Doktorarbeit
		techreport - Material aus einer Hochschule, Universität oder Forschungsinstitut
		unpublished - noch nicht veröffentlichtes Material
	Felder:
		address
		annote
		author
		booktitle
		chapter
		edition
		editor
		howpublished
		institution
		journal
		key
		month
		note
		number
		organization
		pages
		publisher
		school
		series
		title
		type
		volume
		year